[gd_scene load_steps=17 format=2]

[ext_resource path="res://Art/Background.tscn" type="PackedScene" id=1]
[ext_resource path="res://Fonts/TomeOfTheUnknown.ttf" type="DynamicFontData" id=2]
[ext_resource path="res://Enemy/Squads/EnemySquad_Basic_1.tscn" type="PackedScene" id=3]
[ext_resource path="res://Art/arrowtower.png" type="Texture" id=4]
[ext_resource path="res://Art/Sapling.png" type="Texture" id=5]
[ext_resource path="res://Art/Sapling2.png" type="Texture" id=6]
[ext_resource path="res://Art/Farm.png" type="Texture" id=7]
[ext_resource path="res://Art/Tavern.png" type="Texture" id=8]
[ext_resource path="res://Art/vine-leaf.png" type="Texture" id=9]
[ext_resource path="res://Art/wolverine-claws.png" type="Texture" id=10]
[ext_resource path="res://Art/giant.png" type="Texture" id=11]
[ext_resource path="res://Art/beech.png" type="Texture" id=12]
[ext_resource path="res://Stages/Continue.gd" type="Script" id=13]

[sub_resource type="DynamicFont" id=1]
size = 80
outline_size = 2
outline_color = Color( 0.498039, 0.329412, 0.0901961, 1 )
use_filter = true
font_data = ExtResource( 2 )

[sub_resource type="DynamicFont" id=2]
size = 22
use_filter = true
font_data = ExtResource( 2 )

[sub_resource type="DynamicFont" id=3]
size = 35
font_data = ExtResource( 2 )

[node name="Control" type="Control"]
anchor_right = 1.0
anchor_bottom = 1.0

[node name="Background" parent="." instance=ExtResource( 1 )]
position = Vector2( 1.22778, 0 )

[node name="Label" type="Label" parent="."]
margin_left = 179.362
margin_top = 11.1607
margin_right = 805.362
margin_bottom = 111.161
custom_fonts/font = SubResource( 1 )
text = "How to Play"
align = 1
valign = 1

[node name="Panel" type="Panel" parent="."]
self_modulate = Color( 1, 1, 1, 0.737255 )
margin_left = 12.0
margin_top = 117.0
margin_right = 1013.0
margin_bottom = 583.0

[node name="EnemySquad_Basic_1" parent="Panel" instance=ExtResource( 3 )]
position = Vector2( 163.158, 207.263 )
rotation = 0.652742
script = null

[node name="arrowtower" type="Sprite" parent="Panel"]
position = Vector2( 208.373, 134.509 )
texture = ExtResource( 4 )

[node name="Sapling" type="Sprite" parent="Panel"]
position = Vector2( 86.6259, 45.641 )
texture = ExtResource( 5 )

[node name="Sapling2" type="Sprite" parent="Panel"]
position = Vector2( 154.885, 46.0956 )
texture = ExtResource( 6 )

[node name="Farm" type="Sprite" parent="Panel"]
position = Vector2( 38.7496, 136.796 )
texture = ExtResource( 7 )

[node name="Tavern" type="Sprite" parent="Panel"]
position = Vector2( 125.143, 139.365 )
texture = ExtResource( 8 )

[node name="RichTextLabel" type="RichTextLabel" parent="Panel"]
margin_left = 256.64
margin_top = 34.4056
margin_right = 947.64
margin_bottom = 413.406
rect_scale = Vector2( 1.05684, 1.12532 )
custom_fonts/normal_font = SubResource( 2 )
tab_size = 3
text = "Use the space bar to turn saplings into buildings to increase the forest energy and  your stats. Saplings will spawn/despawn randomly. 

Saplings turn into farms, taverns, or towers to regenerate health, permanently increase health, and destroy enemies. 

Waves of enemies will appear after creating your first building. Be quick to kill them, or they'll destroy your buildings, dropping your forest energy!

Use abilities to kill enemies. Select an ability with Q, W, or E, aim, and then click the key again to cast that ability.

This icon is your forest energy. You need to get this to 100% to win the game! Build more buildings to increase your forest energy faster."

[node name="vine-leaf" type="Sprite" parent="Panel"]
position = Vector2( 131.478, 412.393 )
scale = Vector2( 0.100641, 0.0931279 )
texture = ExtResource( 9 )

[node name="wolverine-claws" type="Sprite" parent="Panel"]
position = Vector2( 63.3067, 331.555 )
scale = Vector2( 0.100641, 0.0931279 )
texture = ExtResource( 10 )

[node name="giant" type="Sprite" parent="Panel"]
position = Vector2( 131.802, 331.555 )
scale = Vector2( 0.100641, 0.0931279 )
texture = ExtResource( 11 )

[node name="beech" type="Sprite" parent="Panel"]
position = Vector2( 199.244, 330.263 )
scale = Vector2( 0.100641, 0.0931279 )
texture = ExtResource( 12 )

[node name="Continue" type="Button" parent="."]
margin_left = 803.423
margin_top = 29.9407
margin_right = 956.423
margin_bottom = 98.9405
custom_fonts/font = SubResource( 3 )
custom_colors/font_color_hover = Color( 0.831373, 0.133333, 0.133333, 1 )
text = "Continue"
script = ExtResource( 13 )
[connection signal="pressed" from="Continue" to="Continue" method="_on_Continue_pressed"]
